<record><leader>02316cam a2200493 i 4500</leader><controlfield tag="001">6807329</controlfield><controlfield tag="003">OCoLC</controlfield><controlfield tag="005">20150212112904.0</controlfield><controlfield tag="008">140516s2015    caua     b    001 0 eng c</controlfield><datafield ind1=" " ind2=" " tag="010"><subfield code="a">  2014019572</subfield></datafield><datafield ind1="7" ind2=" " tag="016"><subfield code="a">016478482</subfield><subfield code="2">Uk</subfield></datafield><datafield ind1=" " ind2=" " tag="020"><subfield code="a">9781611322224 (hardback : alk. paper)</subfield></datafield><datafield ind1=" " ind2=" " tag="020"><subfield code="a">1611322227 (hardback : alk. paper)</subfield></datafield><datafield ind1=" " ind2=" " tag="020"><subfield code="z">9781611322248 (consumer ebook)</subfield></datafield><datafield ind1=" " ind2=" " tag="020"><subfield code="z">1611322243 (consumer ebook)</subfield></datafield><datafield ind1=" " ind2=" " tag="020"><subfield code="z">9781611326567 (institutional ebook)</subfield></datafield><datafield ind1=" " ind2=" " tag="020"><subfield code="z">1611326567 (institutional ebook)</subfield></datafield><datafield ind1=" " ind2=" " tag="035"><subfield code="a">ocn880831227</subfield></datafield><datafield ind1=" " ind2=" " tag="040"><subfield code="a">IEN/DLC</subfield><subfield code="b">eng</subfield><subfield code="e">rda</subfield><subfield code="c">INU</subfield><subfield code="d">DLC</subfield><subfield code="d">YDXCP</subfield><subfield code="d">BTCTA</subfield><subfield code="d">UKMGB</subfield><subfield code="d">YAM</subfield><subfield code="d">VGM</subfield></datafield><datafield ind1=" " ind2=" " tag="042"><subfield code="a">pcc</subfield></datafield><datafield ind1=" " ind2=" " tag="043"><subfield code="a">f------</subfield></datafield><datafield ind1="0" ind2="0" tag="050"><subfield code="a">GN772.4.A1</subfield><subfield code="b">M35 2015</subfield></datafield><datafield ind1="0" ind2="0" tag="082"><subfield code="a">569.9096</subfield><subfield code="2">23</subfield></datafield><datafield ind1=" " ind2=" " tag="090"><subfield code="a">GN772.4 .A1 M35 2015</subfield><subfield code="b">AEGMCT</subfield></datafield><datafield ind1="1" ind2=" " tag="100"><subfield code="a">McCall, Grant S.,</subfield><subfield code="e">author.</subfield></datafield><datafield ind1="1" ind2="0" tag="245"><subfield code="a">Before modern humans :</subfield><subfield code="b">new perspectives on the African Stone Age /</subfield><subfield code="c">Grant S. McCall.</subfield></datafield><datafield ind1=" " ind2="1" tag="264"><subfield code="a">Walnut Creek, CA :</subfield><subfield code="b">Left Coast Press, Inc.,</subfield><subfield code="c">2015.</subfield></datafield><datafield ind1=" " ind2=" " tag="300"><subfield code="a">391 pages :</subfield><subfield code="b">illustrations ;</subfield><subfield code="c">24 cm</subfield></datafield><datafield ind1=" " ind2=" " tag="336"><subfield code="a">text</subfield><subfield code="b">txt</subfield><subfield code="2">rdacontent</subfield></datafield><datafield ind1=" " ind2=" " tag="337"><subfield code="a">unmediated</subfield><subfield code="b">n</subfield><subfield code="2">rdamedia</subfield></datafield><datafield ind1=" " ind2=" " tag="338"><subfield code="a">volume</subfield><subfield code="b">nc</subfield><subfield code="2">rdacarrier</subfield></datafield><datafield ind1=" " ind2=" " tag="504"><subfield code="a">Includes bibliographical references (pagesa 343-383) and index.</subfield></datafield><datafield ind1="0" ind2="0" tag="505"><subfield code="t">Introduction --</subfield><subfield code="t">Stone tool technology and the organizational approach --</subfield><subfield code="t">The organization of Early Stone Age lithic technology --</subfield><subfield code="t">The organization of Middle Stone Age (MSA) lithic technology --</subfield><subfield code="t">Fear and loathing in Paleolithic faunal analysis --</subfield><subfield code="t">Implications of Lower and Middle Pleistocene faunal assemblage composition --</subfield><subfield code="t">Implications of Lower and Middle Pleistocene hominin bone modification patterns --</subfield><subfield code="t">Alternative perspectives on hominin biological evolution and ecology --</subfield><subfield code="t">Conclusion.</subfield></datafield><datafield ind1=" " ind2=" " tag="596"><subfield code="a">29</subfield></datafield><datafield ind1=" " ind2="0" tag="650"><subfield code="a">Hominids</subfield><subfield code="x">Behavior</subfield><subfield code="x">Evolution</subfield><subfield code="z">Africa.</subfield></datafield><datafield ind1=" " ind2="0" tag="650"><subfield code="a">Hominids</subfield><subfield code="x">Evolution</subfield><subfield code="z">Africa.</subfield></datafield><datafield ind1=" " ind2="0" tag="650"><subfield code="a">Paleoanthropology</subfield><subfield code="z">Africa.</subfield></datafield><datafield ind1=" " ind2="0" tag="650"><subfield code="a">Mesolithic period</subfield><subfield code="z">Africa.</subfield></datafield><datafield ind1=" " ind2="0" tag="650"><subfield code="a">Paleolithic period</subfield><subfield code="z">Africa.</subfield></datafield><datafield ind1=" " ind2="0" tag="650"><subfield code="a">Paleontology</subfield><subfield code="y">Pleistocene.</subfield></datafield><datafield ind1=" " ind2="0" tag="650"><subfield code="a">Tools, Prehistoric</subfield><subfield code="z">Africa.</subfield></datafield><datafield ind1=" " ind2="0" tag="650"><subfield code="a">Stone implements</subfield><subfield code="z">Africa.</subfield></datafield><datafield ind1=" " ind2=" " tag="949"><subfield code="a">GN772.4 .A1 M35 2015</subfield><subfield code="h">GMCT-OS-B</subfield><subfield code="i">1007400615</subfield><subfield code="p">119.77</subfield><subfield code="k">AVAIL_SOON</subfield></datafield><datafield ind1=" " ind2=" " tag="926"><subfield code="a">GN772.4 .A1 M35 2015</subfield><subfield code="w">LC</subfield><subfield code="c">1</subfield><subfield code="i">1007400615</subfield><subfield code="d">3/18/2015</subfield><subfield code="l">ON_SHELF</subfield><subfield code="m">GR_MACEWAN</subfield><subfield code="p">$114.07</subfield><subfield code="r">Y</subfield><subfield code="s">Y</subfield><subfield code="t">BOOK</subfield><subfield code="u">2/18/2015</subfield></datafield></record>